@article {Haug2020,
	author = {Haug, Nils and Geyrhofer, Lukas and Londei, Alessandro and Dervic, Elma and Desvars-Larrive, Am{\'e}lie and Loreto, Vittorio and Pinior, Beate and Thurner, Stefan and Klimek, Peter},
	title = {Ranking the effectiveness of worldwide COVID-19 government interventions},
	elocation-id = {2020.07.06.20147199},
	year = {2020},
	doi = {10.1101/2020.07.06.20147199},
	publisher = {Cold Spring Harbor Laboratory Press},
	URL = {https://www.medrxiv.org/content/early/2020/10/05/2020.07.06.20147199},
	eprint = {https://www.medrxiv.org/content/early/2020/10/05/2020.07.06.20147199.full.pdf},
	journal = {medRxiv}
}

@misc{bayat2020synthetic,
      title={Synthetic Control, Synthetic Interventions, and COVID-19 spread: Exploring the impact of lockdown measures and herd immunity}, 
      author={Niloofar Bayat and Cody Morrin and Yuheng Wang and Vishal Misra},
      year={2020},
      eprint={2009.09987},
      archivePrefix={arXiv},
      primaryClass={cs.CY}
}

@article{liu2020,
    author = {Liu, Ying and Gayle, Albert A and Wilder-Smith, Annelies and Rockl√∂v, Joacim},
    title = "{The reproductive number of COVID-19 is higher compared to SARS coronavirus}",
    journal = {Journal of Travel Medicine},
    volume = {27},
    number = {2},
    year = {2020},
    month = {02},
    issn = {1708-8305},
    doi = {10.1093/jtm/taaa021},
    url = {https://doi.org/10.1093/jtm/taaa021},
    note = {taaa021},
    eprint = {https://academic.oup.com/jtm/article-pdf/27/2/taaa021/32902430/taaa021.pdf},
}


